@article{article,
author = {Hochreiter, Sepp and Schmidhuber, JÃ¼rgen},
year = {1997},
month = {12},
pages = {1735-80},
title = {Long Short-term Memory},
volume = {9},
journal = {Neural computation},
doi = {10.1162/neco.1997.9.8.1735}
}

@misc{OHalloran2020Pandemic,
  author  = {Mark O'Halloran},
  title   = {COVID emergency is over: 20 key moments of pandemic that changed the world},
  year    = {2023},
  note    = {\url{https://www.irishtimes.com/health/2023/05/05/covid-emergency-is-over-20-key-moments-of-pandemic-that-changed-the-world/}},
}


@misc{OHalloran2022Pandemic,
  author  = {Mark O'Halloran},
  title   = {COVID emergency is over: 20 key moments of pandemic that changed the world},
  year    = {2023},
  note    = {\url{https://www.irishtimes.com/health/2023/05/05/covid-emergency-is-over-20-key-moments-of-pandemic-that-changed-the-world/}}
}


@misc{CityBikedataset,
  author = {Dublin City Council},
  title = {Dublinbikes DCC},
  year = {2023},
  note = {\url{https://data.gov.ie/dataset/dublinbikes-api}}
}